@inproceedings{zhu_exploring_2024,
	address = {Athens, Greece},
	title = {Exploring the Asynchrony of Slow Memory Filesystem},
	isbn = {979-8-4007-0437-6},
	shorttitle = {{EAS}},
	doi = {https://doi.org/10.1145/1234567.1231123},
	language = {en-US},
	booktitle = {Proceedings of the 1st International Conference on Computer Science},
	publisher = {ACM},
	author = {Zhang, Li and Wang, Wei and Liu, Xin and Zhu, Lei},
	month = apr,
	year = {2024},
}

@article{smith_neural_2023,
	title = {Neural Networks for Image Recognition},
	author = {Smith, John and Doe, Jane},
	journal = {Journal of Machine Learning},
	volume = {45},
	number = {3},
	pages = {123-145},
	year = {2023},
	doi = {10.1234/jml.2023.456789},
	abstract = {This paper explores the use of neural networks for image recognition tasks.},
}

@book{johnson_modern_2021,
	title = {Modern Operating Systems},
	author = {Johnson, Michael},
	year = {2021},
	publisher = {Tech Books Publishing},
	address = {New York, USA},
	isbn = {978-1-2345-6789-0},
	abstract = {A comprehensive guide to modern operating systems.},
}

@inbook{lee_chapter_2022,
	title = {Chapter 5: Data Structures},
	author = {Lee, Alice},
	booktitle = {Introduction to Computer Science},
	publisher = {Academic Press},
	year = {2022},
	pages = {89-112},
	address = {London, UK},
	isbn = {978-0-1234-5678-9},
	abstract = {An in-depth look at various data structures used in computer science.},
}

@phdthesis{wang_efficient_2020,
	title = {Efficient Algorithms for Big Data Processing},
	author = {Wang, Li},
	school = {University of Technology},
	year = {2020},
	address = {Beijing, China},
	abstract = {This thesis presents several efficient algorithms for processing big data.},
}

@techreport{kim_advanced_2019,
	title = {Advanced Techniques in Machine Learning},
	author = {Kim, David},
	institution = {Tech Research Institute},
	year = {2019},
	number = {TR-2019-05},
	address = {Seoul, South Korea},
	abstract = {A report on advanced techniques in machine learning.},
}

@misc{brown_online_2023,
	title = {Online Resources for Learning Python},
	author = {Brown, Emily},
	year = {2023},
	howpublished = {Online},
	url = {https://www.learnpython.org},
	note = {Accessed: 2023-10-01},
	abstract = {A collection of online resources for learning Python programming.},
}
